
@book{Iago,
 title     = "Avaliação Sistemática de Controle de Kick na Perfuração de Poço de Petróleo",
 author    = "Iago Vinicius Nascimento Barbosa AND João Paulo Lima Santos",
 year      = 2017,
 publisher = {9{\textordmasculine} Congresso Brasileiro De P\&D Em Petr{\'o}leo e g{\'a}s},
 address   = ""
}

@book{cardoso,
  title={Petróleo: do poço ao posto},
  author={Luiz Cláudio Cardoso},
  year={2005},
  publisher={Qualitymark},
  address = {Rio de Janeiro}
}

@misc{perf_esquema,
 title   ={File:Oil Rig NT8.svg , Wikimedia Commons},
 url     ={https://commons.wikimedia.org/wiki/File:Oil_Rig_NT8.svg#filelinks},
 organization={Wikimedia Commons},
 urlaccessdate={17 de Novembro de 2020},
 year={2020}
}

@mastersthesis{paranhos,
  author       = {{Paranhos Sobrinho}, Eduardo Silva}, 
  title        = {Considera{\c{c}}{\~a}o do repasse na modelagem do fechamento de po{\c{c}}os verticais em rochas salinas},
  school       = {Universidade Federal de Alagoas},
  year         = 2019,
  address      = {Macei{\'o}},
  pages={121},
  pagename={f.},
  type         = {Mestrado}
}

@mastersthesis{lindi2017analysis,
  title={Analysis of Kick Detection Methods in the Light of Actual Blowout Disasters.},
  author={Lindi, Oltingey},
  year={2017},
  school={NTNU}
}

@book{thomas2001fundamentos,
  title={Fundamentos de engenharia de petr{\'o}leo},
  author={Thomas, Jos{\'e} Eduardo},
  year={2001},
  publisher={Interci{\^e}ncia}
}

@article{santana2021kick,
  title={KICK E BLOWOUT NA EXPLOTA{\c{C}}{\~A}O DE PO{\c{C}}OS DE PETR{\'O}LEO--UMA REVIS{\~A}O},
  author={Santana, Jeferson Santos and de Campos, Henrique Torres and Cardoso, Elisangela Silvana},
  journal={REVISTA DE ENGENHARIA E TECNOLOGIA},
  volume={13},
  number={2},
  year={2021}
}

@inproceedings{nunes2015impactos,
  title={As relações entre os acidentes na indústria de petróleoe o desenvolvimento das normas e marcos regulatórios associados: um estudo exploratório'},
  author={Castro, Camila Bueno and Martins, Lucas Almeida and Ferreira, Geraldo Souza},
  booktitle={I Congresso Nacional de Engenharia de Petr{\'o}leo, G{\'a}s Natural e Biocombust{\'\i}veis, Campina Grande, Brasil},
  pages={1--9},
  year={2015}
}

@book{ANP,
  title={Investigação do incidente de vazamento de petróleo no campo de Frade},
  author={Cabral, Carlos Agenor and Teixeira, Luciano Silva Pinto and Moura, Neves Raphael and Chambriard, Magda},
  year={2012},
  publisher={ANP}
}

@book{resolucao,
  title={Resolução ANP nº 46},
  author={ANP},
  year={2016},
}

@article{norge2013norsok,
  title={NORSOK Standard D-010: Well integrity in drilling and well operations, Rev. 4},
  author={Norge, Standard},
  year={2013},
  publisher={Lysaker, Standards Norway}
}

@book{aadnoy2010modern,
  title={Modern well design},
  author={Aadnoy, Bernt S},
  year={2010},
  publisher={CRC press}
}

@article{rocha2009projeto,
  title={Projeto de Po{\c{c}}os de Petr{\'o}leo-Geopress{\~o}es e Assentamento de Colunas de Revestimento-2{\textordfeminine} Edi{\c{c}}{\~a}o},
  author={ROCHA, Luiz Alberto Santos and AZEVEDO, Cec{\'\i}lia Toledo},
  journal={Editora Interci{\^e}ncia, Rio de Janeiro, Brasil},
  year={2009}
}